
@inproceedings{linkpred,
 author = {Liben-Nowell, David and Kleinberg, Jon},
 title = {The Link Prediction Problem for Social Networks},
 booktitle = {Proceedings of the Twelfth International Conference on Information and Knowledge Management},
 series = {CIKM '03},
 year = {2003},
 isbn = {1-58113-723-0},
 location = {New Orleans, LA, USA},
 pages = {556--559},
 numpages = {4},
 doi = {10.1145/956863.956972},
 acmid = {956972},
 publisher = {ACM},
 address = {New York, NY, USA},
 keywords = {link analysis, link prediction, social networks},
} 
@inproceedings{lpmf,
 author = {Menon, Aditya Krishna and Elkan, Charles},
 title = {Link Prediction via Matrix Factorization},
 booktitle = {Proceedings of the 2011 European Conference on Machine Learning and Knowledge Discovery in Databases - Volume Part II},
 series = {ECML PKDD'11},
 year = {2011},
 isbn = {978-3-642-23782-9},
 location = {Athens, Greece},
 pages = {437--452},
 numpages = {16},
 acmid = {2034146},
 publisher = {Springer-Verlag},
 address = {Berlin, Heidelberg},
 keywords = {link prediction, matrix factorization, ranking loss, side information},
}
@inproceedings{supervisedrandomwalk,
 author = {Backstrom, Lars and Leskovec, Jure},
 title = {Supervised Random Walks: Predicting and Recommending Links in Social Networks},
 booktitle = {Proceedings of the Fourth ACM International Conference on Web Search and Data Mining},
 series = {WSDM '11},
 year = {2011},
 isbn = {978-1-4503-0493-1},
 location = {Hong Kong, China},
 pages = {635--644},
 numpages = {10},
 doi = {10.1145/1935826.1935914},
 acmid = {1935914},
 publisher = {ACM},
 address = {New York, NY, USA},
 keywords = {link prediction, social networks},
} 
@inproceedings{centrality,
 author = {Parotsidis, Nikos and Pitoura, Evaggelia and Tsaparas, Panayiotis},
 title = {Centrality-Aware Link Recommendations},
 booktitle = {Proceedings of the Ninth ACM International Conference on Web Search and Data Mining},
 series = {WSDM '16},
 year = {2016},
 isbn = {978-1-4503-3716-8},
 location = {San Francisco, California, USA},
 pages = {503--512},
 numpages = {10},
 doi = {10.1145/2835776.2835818},
 acmid = {2835818},
 publisher = {ACM},
 address = {New York, NY, USA},
 keywords = {link recommendations, node centrality, probabilistic networks, social networks},
}
@inproceedings{collectiveprediction,
 author = {Cao, Bokai and Kong, Xiangnan and Yu, Philip S.},
 title = {Collective Prediction of Multiple Types of Links in Heterogeneous Information Networks},
 booktitle = {Proceedings of the 2014 IEEE International Conference on Data Mining},
 series = {ICDM '14},
 year = {2014},
 isbn = {978-1-4799-4302-9},
 pages = {50--59},
 numpages = {10},
 doi = {10.1109/ICDM.2014.25},
 acmid = {2760576},
 publisher = {IEEE Computer Society},
 address = {Washington, DC, USA},
 keywords = {collective link prediction, heterogeneous information networks, meta path},
}
@inproceedings{collectiveclassification,
 author = {Prithviraj Sen, Galileo Namata, Mustafa Bilgic, Lise Getoor, Brian Galligher, Tina Eliassi-Rad},
 title = {Collective Classification in Network Data}, 
}
@inproceedings{handlingclassimbalance,
 author = {Bopeng Li, Sougata Chaudhuri, Ambuj Tewari},
 title = {Handling Class Imbalance in Link Prediction using Learning to Rank Techniques}, 
}
@inproceedings{socp,
 author = {Janardhan Rao Doppa, Jun Yu, Prasad Tadepalli, Lise Getoor},
 title = {Chance-Constrained Programs for Link Prediction}, 
}
@inproceedings{priyesh,
  added-at = {2016-01-25T00:00:00.000+0100},
  author = {Vijayan, Priyesh and Subramanian, Shivashankar and Ravindran, Balaraman},
  booktitle = {ASONAM},
  editor = {Wu, Xindong and Ester, Martin and Xu, Guandong},
  interhash = {d61d51d4aa23238011f227d787ff429f},
  intrahash = {462c788924a9c1125722f2db5473fbb4},
  isbn = {978-1-4799-5877-1},
  keywords = {dblp},
  pages = {509-514},
  publisher = {IEEE Computer Society},
  timestamp = {2016-01-26T11:43:57.000+0100},
  title = {Multi-label collective classification in multi-attribute multi-relational network data.},  
  year = 2014
}

@inproceedings{scale,
 author = {Duan, Liang and Aggarwal, Charu and Ma, Shuai and Hu, Renjun and Huai, Jinpeng},
 title = {Scaling Up Link Prediction with Ensembles},
 booktitle = {Proceedings of the Ninth ACM International Conference on Web Search and Data Mining},
 series = {WSDM '16},
 year = {2016},
 isbn = {978-1-4503-3716-8},
 location = {San Francisco, California, USA},
 pages = {367--376},
 numpages = {10},
 doi = {10.1145/2835776.2835815},
 acmid = {2835815},
 publisher = {ACM},
 address = {New York, NY, USA},
 keywords = {big data, ensembles, link prediction, networks},
}
@inproceedings{hne,
 author = {Chang, Shiyu and Han, Wei and Tang, Jiliang and Qi, Guo-Jun and Aggarwal, Charu C. and Huang, Thomas S.},
 title = {Heterogeneous Network Embedding via Deep Architectures},
 booktitle = {Proceedings of the 21th ACM SIGKDD International Conference on Knowledge Discovery and Data Mining},
 series = {KDD '15},
 year = {2015},
 isbn = {978-1-4503-3664-2},
 location = {Sydney, NSW, Australia},
 pages = {119--128},
 numpages = {10},
 doi = {10.1145/2783258.2783296},
 acmid = {2783296},
 publisher = {ACM},
 address = {New York, NY, USA},
 keywords = {cross-domain knowledge propagation, deep learning, dimensionality reduction, feature learning, heterogeneous embedding, network embedding},
} 
@article{word2vec2,
  author    = {Tomas Mikolov and
               Ilya Sutskever and
               Kai Chen and
               Greg Corrado and
               Jeffrey Dean},
  title     = {Distributed Representations of Words and Phrases and their Compositionality},
  journal   = {CoRR},
  volume    = {abs/1310.4546},
  year      = {2013},
  timestamp = {Thu, 07 May 2015 20:02:01 +0200},
  biburl    = {http://dblp.uni-trier.de/rec/bib/journals/corr/MikolovSCCD13},
  bibsource = {dblp computer science bibliography, http://dblp.org}
}
@article{word2vec,
  author    = {Tomas Mikolov and
               Kai Chen and
               Greg Corrado and
               Jeffrey Dean},
  title     = {Efficient Estimation of Word Representations in Vector Space},
  journal   = {CoRR},
  volume    = {abs/1301.3781},
  year      = {2013},
  timestamp = {Thu, 07 May 2015 20:02:01 +0200},
  biburl    = {http://dblp.uni-trier.de/rec/bib/journals/corr/abs-1301-3781},
  bibsource = {dblp computer science bibliography, http://dblp.org}
}
@article{deepwalk,
  author    = {Bryan Perozzi and
               Rami Al{-}Rfou and
               Steven Skiena},
  title     = {DeepWalk: Online Learning of Social Representations},
  journal   = {CoRR},
  volume    = {abs/1403.6652},
  year      = {2014},
  timestamp = {Tue, 01 Apr 2014 11:56:46 +0200},
  biburl    = {http://dblp.uni-trier.de/rec/bib/journals/corr/PerozziAS14},
  bibsource = {dblp computer science bibliography, http://dblp.org}
}
@article{line,
  author    = {Jian Tang and
               Meng Qu and
               Mingzhe Wang and
               Ming Zhang and
               Jun Yan and
               Qiaozhu Mei},
  title     = {{LINE:} Large-scale Information Network Embedding},
  journal   = {CoRR},
  volume    = {abs/1503.03578},
  year      = {2015},
  timestamp = {Thu, 09 Apr 2015 11:33:20 +0200},
  biburl    = {http://dblp.uni-trier.de/rec/bib/journals/corr/TangQWZYM15},
  bibsource = {dblp computer science bibliography, http://dblp.org}
}
@inproceedings{probabilistic,
 author = {Wang, Chao and Satuluri, Venu and Parthasarathy, Srinivasan},
 title = {Local Probabilistic Models for Link Prediction},
 booktitle = {Proceedings of the 2007 Seventh IEEE International Conference on Data Mining},
 series = {ICDM '07},
 year = {2007},
 isbn = {0-7695-3018-4},
 pages = {322--331},
 numpages = {10},
 doi = {10.1109/ICDM.2007.108},
 acmid = {1442084},
 publisher = {IEEE Computer Society},
 address = {Washington, DC, USA},
} 
@ARTICLE{adamicadar,
    author = {Lada Adamic and Eytan Adar},
    title = {Friends and Neighbors on the Web},
    journal = {Social Networks},
    year = {2001},
    volume = {25},
    pages = {211--230}
}
@inproceedings{author2vec,
 author = {J, Ganesh and Ganguly, Soumyajit and Gupta, Manish and Varma, Vasudeva and Pudi, Vikram},
 title = {Author2Vec: Learning Author Representations by Combining Content and Link Information},
 booktitle = {Proceedings of the 25th International Conference Companion on World Wide Web},
 series = {WWW '16 Companion},
 year = {2016},
 isbn = {978-1-4503-4144-8},
 location = {Montr\&\#233;al, Qu\&\#233;bec, Canada},
 pages = {49--50},
 numpages = {2},
 doi = {10.1145/2872518.2889382},
 acmid = {2889382},
 publisher = {International World Wide Web Conferences Steering Committee},
 address = {Republic and Canton of Geneva, Switzerland},
 keywords = {author embedding, author modeling, deep learning, distributed representation, machine learning, network mining, representation learning},
} 
@article{paragraph2vec,
  author    = {Quoc V. Le and
               Tomas Mikolov},
  title     = {Distributed Representations of Sentences and Documents},
  journal   = {CoRR},
  volume    = {abs/1405.4053},
  year      = {2014},
  timestamp = {Mon, 02 Jun 2014 08:30:36 +0200},
  bibsource = {dblp computer science bibliography, http://dblp.org}
}
@inproceedings{triparty,
  author    = {Shirui Pan and
               Jia Wu and
               Xingquan Zhu and
               Chengqi Zhang and
               Yang Wang},
  title     = {Tri-Party Deep Network Representation},
  booktitle = {Proceedings of the Twenty-Fifth International Joint Conference on
               Artificial Intelligence, {IJCAI} 2016, New York, NY, USA, 9-15 July
               2016},
  pages     = {1895--1901},
  year      = {2016},
  timestamp = {Fri, 15 Jul 2016 15:58:28 +0200},
  biburl    = {http://dblp2.uni-trier.de/rec/bib/conf/ijcai/PanWZZW16},
  bibsource = {dblp computer science bibliography, http://dblp.org}
}
@inproceedings{harini,
  title={Extended discriminative random walk: a hypergraph approach to multi-view multi-relational transductive learning},
  author={Satchidanand, Sai Nageswar and Ananthapadmanaban, Harini and Ravindran, Balaraman},
  booktitle={Proceedings of the 24th International Conference on Artificial Intelligence},
  pages={3791--3797},
  year={2015},
  organization={AAAI Press}
}